@Misc{09:_tiobe_progr_commun_index,
  key = {TIOBE},
  title = 	 {TIOBE Programming Community Index},
  howpublished = {Internet},
  month = 	 {Setembro},
  year = 	 2009,
  note = 	 {\url{http://www.tiobe.com/index.php/content/paperinfo/tpci/index.html}}}


@Book{seitz09:_gray_hat_python,
  author = 	 {Justin Seitz},
  title = 	 {Gray Hat Python: Python Programming for Hackers and Reverse Engineers},
  publisher = 	 {No Starch Press},
  year = 	 2009}

@Book{downey08:_python_softw_desig,
  author = 	 {Allen Downey},
  title = 	 {Python for Software Design: How to Think
Like a Computer Scientist},
  publisher = 	 {Cambridge University Press},
  year = 	 2008}

@Misc{09:_python_progr_languag_offic_websit,
  key =       {Python},
  title =     {Python Programming Language- Official Website},
  howpublished = {Internet},
  month =     {Junho},
  year =      2010,
  note =      {\url{http://www.python.org/}}}


@Misc{09:_python_progr_languag,
  key =       {Wikipedia},
  title =     {Python (programming language)},
  howpublished = {Internet},
  month =     {Setembro},
  year =      2009,
  note =      {\url{http://en.wikipedia.org/wiki/Python_(programming_language)}}}

@Misc{09:_gettin_start,
  key =       {Numpy},
  title =     {Getting Started-- numpy.scipy.org},
  howpublished = {Internet},
  month =     {Setembro},
  year =      2009,
  note =      {\url{http://numpy.scipy.org/}}}

@Misc{09:_scipy,
  key =       {SciPy},
  title =     {SciPy},
  howpublished = {Internet},
  month =     {Setembro},
  year =      2009,
  note =      {\url{http://www.scipy.org/}}}


@Misc{09:_gsl_gnu_scien_librar,
  key =       {GSL},
  title =     {GSL- GNU Scientific Library},
  howpublished = {Internet},
  month =     {Setembro},
  year =      2009,
  note =      {\url{http://www.gnu.org/software/gsl/}}}


@Misc{09:_pygsl,
  key =       {PyGSL},
  title =     {{PyGSL}},
  howpublished = {Internet},
  month =     {Setembro},
  year =      2009,
  note =      {\url{http://pygsl.sourceforge.net/}}}


@Misc{09:_python_imagin_librar_pil,
  key =       {PIL},
  title =     {Python Imaging Library (PIL)},
  howpublished = {Internet},
  month =     {Setembro},
  year =      2009,
  note =      {\url{http://www.pythonware.com/products/pil/}}}


@Book{aja-fernandez09:_tensor_in_image_proces_and_vision,
  editor =    {Santiago Aja-Fernández and Rodrigo de Luis Garcia and Dacheng Tao and Xuelong Li},
  title =        {Tensors in Image Processing and Vision},
  publisher =    {Springer Verlag},
  year =         2009,
  series =    {Advances in Pattern Recognition},
  address =   {London}}

@Book{loan96:_matrix_comput,
  author =    {Charles Van Loan and Gene H. Golub},
  title =        {Matrix Computations},
  publisher =    {The Johns Hopkins University Press},
  year =         1996,
  edition =   {3.ª Ed.}}

@Misc{klockner09:_pycud_andreas_web_page,
  key =       {PyCUDA},
  author =    {Andreas Klöckner},
  title =     {PyCUDA {A}ndreas {K}löckner's web page },
  howpublished = {Internet},
  month =     {Setembro},
  year =      2009,
  note =      {\url{http://mathema.tician.de/software/pycuda}}}

@Misc{09:_openv,
  key =       {OpenVIDIA},
  title =     {OpenVIDIA},
  howpublished = {Internet},
  month =     {Setembro},
  year =      2009,
  note =      {\url{http://openvidia.sourceforge.net/index.php/OpenVIDIA}}}

@InProceedings{fung09:_advan_in_gpu_based_image,
  author =       {James Fung},
  title =        {Advances in {GPU}-based Image Processing and Computer Vision},
  booktitle = {SIGGRAPH},
  year =      2009,
  month =     {Agosto},
  organization = {ACM}}



@Misc{09:_nvidia_npp,
  key =       {NVPP},
  title =     {{NVIDIA} {NPP}},
  howpublished = {Internet},
  month =     {Setembro},
  year =      2009,
  note =      {\url{http://www.nvidia.com/object/nvpp.htm}}}


@Misc{09:_gpu4v,
  key =       {GPU4Vision},
  title =     {{GPU4Vision}},
  howpublished = {Internet},
  month =     {Setembro},
  year =      2009,
  note =      {\url{http://gpu4vision.icg.tugraz.at/}}}

@Book{langtagen08:_python_scrip_for_comput_scien,
  author =    {Hans Peter Langtagen},
  title =        {Python Scripting for Computational Science},
  publisher =    {Springer-Verlag},
  year =         2008,
  series =    {Texts in Computational Science and Engineering},
  edition =   {3.ª Ed.}}

@Misc{09:_dagst_persp_works_visual_and,
  key =       {Dagstuhl Perspectives Workshop},
  title =     {Dagstuhl Perspectives Workshop, Visualization and Image Processing of Tensor Fields},
  howpublished = {Internet},
  month =     {Setembro},
  year =      2009,
  note =      {\url{http://www.mia.uni-saarland.de/viptf04.html}}}

@Book{weickert06:_pdes_for_tensor_image_proces,
  editor =    {Joachim Weickert and Christian Feddern and Martin Welk and Bernhard Burgeth and Thomas Bronx},
  title =        {{PDE}s for Tensor Image Processing},
  publisher =    {Springer-Verlag},
  year =         2006,
  series =    {Mathematics and Visualization}}

@Misc{09:_vigra_homep,
  key =       {VIGRA},
  title =     {{VIGRA Homepage}},
  howpublished = {Internet},
  month =     {Setembro},
  year =      2009,
  note =      {\url{http://hci.iwr.uni-heidelberg.de/vigra/}}}

@Misc{09:_comma_separ_values_wikip_free_encyc,
  key =       {CSV},
  title =     {Comma-separated values- Wikipedia, the free encyclopedia},
  howpublished = {Internet},
  month =     {Setembro},
  year =      2009,
  note =      {\url{http://en.wikipedia.org/wiki/Comma-separated_values}}}

@Misc{09:_java_csv_librar,
  key =       {Java CSV},
  title =     {Java CSV Library},
  howpublished = {Internet},
  month =     {Setembro},
  year =      2009,
  note =      {\url{http://sourceforge.net/projects/javacsv/}}}


@Book{cormen01:_introd_to_algor,
  author =    {Thomas H. Cormen and Charles E. Leiserson and Ronald L. Rivest and Clifford Stein},
  title =        {Introduction to Algorithms},
  publisher =    {The MIT Press},
  year =         2001,
  address =   {London, Inglaterra},
  edition =   {2.ª Ed.}}

@Book{knuth98:_sortin_and_searc,
  author =    {Donald Knuth},
  title =        {Sorting and Searching},
  publisher =    {Addison-Wesley},
  year =         1998,
  address =   {Reading, Massachusets, Estados Unidos da América},
  edition =   {3.ª Ed.}}

@Book{nash10:_accel_c,
  author = 	 {Trey Nash},
  title = 	 {Accelerated C\# 2010},
  publisher = 	 {Apress},
  year = 	 2010}


@Book{troelsen10:_pro_c,
  author = 	 {Andrew Troelsen},
  title = 	 {Pro C\# 2010 and the .NET 4 Platform},
  publisher = 	 {Apress},
  year = 	 2010,
  edition = 	 5}




@Book{nagel10:_profes_c,
  author = 	 {Christian Nagel and Bill Evjen and Jay Glynn and Karli Watson and Morgan Skinner},
  title = 	 {Professional C\# 4 and .NET 4},
  publisher = 	 {Wrox},
  year = 	 2010}



@Book{jennifer10:_head_first_c,
  author = 	 {Andrew Stellman and Jennifer Greene},
  title = 	 {Head First C\#},
  publisher = 	 {O'Reilly Media},
  year = 	 2010,
  edition = 	 2}


@Book{macdonald10:_pro_wpf_c,
  editor = 	 {Matthew MacDonald},
  title = 	 {Pro WPF in C\# 2010: Windows Presentation Foundation in .NET 4.0
},
  publisher = 	 {Apress},
  year = 	 2010}



@Book{pialorsi10:_progr_micros_linq_micros,
  author = 	 {Paolo Pialorsi and Marco Russo},
  title = 	 {Programming Microsoft LINQ in Microsoft .NET Framework 4},
  publisher = 	 {O'Reilly Media, Inc.},
  year = 	 2010}

